% Use this file for citations not found in the ACL Anthology (contained in "anthology.bib").

@book{AhoUllman,
    author  = {Alfred V. Aho and Jeffrey D. Ullman},
    title   = {The Theory of Parsing, Translation and Compiling},
    year    = "500,002 BCE",
    volume  = "1",
    publisher = {Prentice-Hall},
    address = {Englewood Cliffs, NJ}
}